<?xml version="1.0" encoding="UTF-8"?><collection xmlns="http://www.loc.gov/MARC21/slim"><record><leader>00576nam--2200193-i-4500</leader><controlfield tag="001">000020113</controlfield><controlfield tag="002">20161230</controlfield><controlfield tag="005">20161230201033</controlfield><controlfield tag="008">060222s1000------------r-----000-0-eng-d</controlfield><datafield ind1=" " ind2=" " tag="020"><subfield code="a">0122526805</subfield></datafield><datafield ind1=" " ind2=" " tag="040"><subfield code="a">IFIN-HH</subfield></datafield><datafield ind1=" " ind2=" " tag="080"><subfield code="a">538.911:548.4</subfield></datafield><datafield ind1="1" ind2=" " tag="100"><subfield code="a">Feldman, Leonard C</subfield></datafield><datafield ind1="1" ind2="0" tag="245"><subfield code="a">Materials analysis by ion channeling</subfield><subfield code="b">Submicron crystallography</subfield><subfield code="c">Leonard c. feldman, james w. mayer, s. thomas picraux</subfield></datafield><datafield ind1=" " ind2=" " tag="260"><subfield code="a">New York</subfield><subfield code="b">Academic Press</subfield><subfield code="c">1982</subfield></datafield><datafield ind1=" " ind2=" " tag="300"><subfield code="a">XIII+300 P</subfield></datafield><datafield ind1="1" ind2=" " tag="700"><subfield code="a">Picraux, S. Thomas</subfield></datafield><datafield ind1=" " ind2=" " tag="852"><subfield code="a">71382</subfield><subfield code="c">539.2</subfield></datafield><datafield ind1=" " ind2=" " tag="CAT"><subfield code="a">Sys</subfield><subfield code="c">20121107</subfield><subfield code="h">113338</subfield></datafield></record></collection>